<record><leader>00000cas a2200000 a 4500</leader><controlfield tag="001">39732296</controlfield><controlfield tag="008">980821d19041953oruwr ne      0    0eng c</controlfield><datafield ind1=" " ind2=" " tag="010"><subfield code="a">sn 97071124 </subfield></datafield><datafield ind1=" " ind2=" " tag="040"><subfield code="a">OCN</subfield><subfield code="b">eng</subfield><subfield code="c">OCN</subfield><subfield code="d">OCLCQ</subfield><subfield code="d">ORU</subfield><subfield code="d">OCLCQ</subfield><subfield code="d">OCLCF</subfield><subfield code="d">OCLCO</subfield></datafield><datafield ind1="1" ind2=" " tag="029"><subfield code="a">AU@</subfield><subfield code="b">000014121175</subfield></datafield><datafield ind1=" " ind2=" " tag="042"><subfield code="a">pcc</subfield></datafield><datafield ind1=" " ind2=" " tag="043"><subfield code="a">n-us-or</subfield></datafield><datafield ind1="0" ind2=" " tag="130"><subfield code="a">News reporter (McMinnville, Or.)</subfield></datafield><datafield ind1="1" ind2="4" tag="245"><subfield code="a">The news reporter.</subfield></datafield><datafield ind1=" " ind2=" " tag="260"><subfield code="a">McMinnville, Or. :</subfield><subfield code="b">Asbury &amp; Estes,</subfield><subfield code="c">1904-1953.</subfield></datafield><datafield ind1=" " ind2=" " tag="300"><subfield code="a">v.</subfield></datafield><datafield ind1=" " ind2=" " tag="310"><subfield code="a">Weekly</subfield></datafield><datafield ind1="0" ind2=" " tag="362"><subfield code="a">Vol. 34, no. 34 (Aug. 5, 1904)-v. 81, no. 13 (Feb. 5, 1953).</subfield></datafield><datafield ind1=" " ind2=" " tag="530"><subfield code="a">Also issued on microfilm from University of Oregon.</subfield></datafield><datafield ind1=" " ind2=" " tag="580"><subfield code="a">Merged with: Telephone=register, to form: News register (McMinnville, Or. : 1953).</subfield></datafield><datafield ind1=" " ind2="0" tag="651"><subfield code="a">McMinnville (Or.)</subfield><subfield code="v">Newspapers.</subfield></datafield><datafield ind1=" " ind2="0" tag="651"><subfield code="a">Yamhill County (Or.)</subfield><subfield code="v">Newspapers.</subfield></datafield><datafield ind1=" " ind2="7" tag="655"><subfield code="a">Newspapers.</subfield><subfield code="2">fast</subfield><subfield code="0">(OCoLC)fst01423814</subfield></datafield><datafield ind1=" " ind2="7" tag="651"><subfield code="a">Oregon</subfield><subfield code="z">McMinnville.</subfield><subfield code="2">fast</subfield><subfield code="0">(OCoLC)fst01226321</subfield></datafield><datafield ind1=" " ind2="7" tag="651"><subfield code="a">Oregon</subfield><subfield code="z">Yamhill County.</subfield><subfield code="2">fast</subfield><subfield code="0">(OCoLC)fst01220996</subfield></datafield><datafield ind1=" " ind2=" " tag="752"><subfield code="a">United States</subfield><subfield code="b">Oregon</subfield><subfield code="c">Yamhill</subfield><subfield code="d">McMinnville.</subfield></datafield><datafield ind1="0" ind2="4" tag="780"><subfield code="t">McMinnville news</subfield><subfield code="w">(DLC)sn 97071129</subfield><subfield code="w">(OCoLC)39732304</subfield></datafield><datafield ind1="0" ind2="4" tag="780"><subfield code="t">Yamhill County reporter (McMinnville, Or.)</subfield><subfield code="w">(DLC)sn 97071127</subfield><subfield code="w">(OCoLC)39732313</subfield></datafield><datafield ind1="1" ind2="7" tag="785"><subfield code="t">Telephone=register</subfield><subfield code="w">(DLC)sn 97071123</subfield><subfield code="w">(OCoLC)39732291</subfield></datafield><datafield ind1="1" ind2="7" tag="785"><subfield code="t">News register (McMinnville, Or. : 1953)</subfield><subfield code="w">(DLC)sn 97071130</subfield><subfield code="w">(OCoLC)39732283</subfield></datafield></record>